@misc{wikipedia_merge_sort,
  author = {{Wikipedia contributors}},
  title = {Merge Sort},
  year = {2024},
  url = {https://en.wikipedia.org/wiki/Merge\_sort},
  note = {[Acessado: 26 de Outubro, 2024]},
}

@misc{shahadmahmud_merge_sort,
  author = {Shahad Mahmud},
  title = {Merge Sort: A Detailed Explanation},
  year = {2024},
  url = {https://blog.shahadmahmud.com/merge-sort/},
  note = {[Acessado: 26 de Outubro, 2024]},
}

@misc{geeksforgeeks_merge_sort,
  author = {{GeeksforGeeks contributors}},
  title = {Merge Sort},
  year = {2024},
  url = {https://www.geeksforgeeks.org/merge-sort/},
  note = {[Acessado: 26 de Outubro, 2024]},
}

@misc{wikipedia_john_von_neumann,
  author = {{Wikipedia contributors}},
  title = {John von Neumann --- Wikipedia{,} The Free Encyclopedia},
  year = {2024},
  url = {https://pt.wikipedia.org/wiki/John\_von\_Neumann},
  note = {[Acessado: 26 de Outubro, 2024]},
}

@misc{wikipedia_divide_conquer,
  author = {{Wikipedia contributors}},
  title = {Divide-and-Conquer Algorithm --- Wikipedia{,} The Free Encyclopedia},
  year = {2024},
  url = {https://en.wikipedia.org/wiki/Divide-and-conquer\_algorithm},
  note = {[Acessado: 26 de Outubro, 2024]},
}

